@inproceedings{HTS221,
	title = {Capacitive digital sensor for relative humidity and temperature},
	author = {STMicroelectronics},
	organization = {STMicroelectronics},
	year = {2018},
	note = "\url {https://www.st.com/en/mems-and-sensors/hts221.html#resource}" 
}

@article{LSM6DSL,
	title= {iNEMO inertial module: always-on 3D accelerometer and 3D gyroscope},
	author = {STMicroelectronics},
	organization = {STMicroelectronics},
	year = {2018},
	note = "\url {https://www.st.com/en/mems-and-sensors/lsm6dsl.html#resource}"
}

@article{B-L475E-IOT01A,
	title= {Discovery kit for IoT node, multi-channel communication with STM32L4},
	author = {STMicroelectronics},
	organization = {STMicroelectronics},
	year = {2019},
	note = "\url{https://www.st.com/en/evaluation-tools/b-l475e-iot01a.html#resource}" 
}

@article{STM32L4_datascheet,
	title= {dm00083560-stm32l47xxx-stm32l48xxx-stm32l49xxx-and-stm32l4axxx-advanced-armbased-32bit-mcus-stmicroelectronics},
	author = {STMicroelectronics},
	organization = {STMicroelectronics},
	year = {2019},
	note = "\url{https://www.st.com/en/evaluation-tools/b-l475e-iot01a.html#resource}" 
}

@article{AT_Command,
	title= {WM-SG-SM-42 AT Command Reference Manual},
	author = {USI},
	organization = {Universl Global Scientific  Infustial Co., Ltd},	
	month = {04},
	year = {2018},
	note = "\url {https://github.com/USIWP1Module/USI_I-NUCLEO-LRWAN1/tree/master/preloaded_firmware}"
}

@article{lib,
	title= {libopencm3 lowlevel Open-Source library for ARM cortex MCUs},
	author = {libopencm3},
	organization = {libopencm3},	
	year = {2013},
	note = "\url {https://github.com/libopencm3}"
}

@article{analyzer,
	title= {Debug hardware like the pros with the logic analyzer you will love},
	author = {saleae},
	organization = {saleae},	
	year = {2020},
	note = "\url {https://www.saleae.com/}"
}
